@book{cope1996experiments,
  title={Experiments in musical intelligence},
  author={Cope, David},
  volume={12},
  year={1996},
  publisher={AR editions Madison, WI}
}

@book{cope2004virtual,
  title={Virtual music: computer synthesis of musical style},
  author={Cope, David},
  year={2004},
  publisher={MIT press}
}

@book{selfridge1997beyond,
  title={Beyond MIDI: the handbook of musical codes},
  author={Selfridge-Field, Eleanor},
  year={1997},
  publisher={MIT press}
}

@book{cope2009hidden,
  title={Hidden structure: music analysis using computers},
  author={Cope, David},
  year={2009},
  publisher={AR Editions, Inc.}
}

@book{curtis1996computer,
  title={The computer music tutorial},
  author={Curtis Roads},
  year={1996},
  publisher={MIT press}
}